@BOOK{Smith:2012qr,
   title = {Heat and Thermodynamics},
   publisher = {McGraw-Hill},
   author = { Zemansky M.W. and Dittman R.H.},
   year = {November 1, 1996},
   edition = {7th},
}
@book{ahrens2006meteorology,
  title={Meteorology Today},
  author={Ahrens, C.D.},
  isbn={9780495011620},
  lccn={2005938485},
  series={International student edition},
  url={https://books.google.es/books?id=SpGfKb23Y9QC},
  year={2006},
  publisher={Cengage Learning}
}
@book{stull2000meteorology,
  title={Meteorology for Scientists and Engineers},
  author={Stull, R.B.},
  isbn={9780534372149},
  lccn={00266104},
  series={Earth Science Series},
  url={https://books.google.es/books?id=QrYRAQAAIAAJ},
  year={2000},
  publisher={Brooks/Cole}
}
@misc{ogimet,
  title = {{OGIMET} Station Index Queries},
  howpublished = {\url{http://www.ogimet.com/indicativos.phtml.en}},
  OPTnote = {Accessed: 2010-09-30}
}
@techreport{FM-12,
     title = {{Surface Synoptic Codes -- Federal Meteorological Handbook No. 2}},
     author = {James A. Almazan and others},
     OPTgroup = {},
     year = {1988},
     institution = {OFCM -- NOAA},
     OPTDate-Added = {2010-01-11 10:05:52},
     OPTDate-Modified = {2010-07-22 12:08:45}
}
